@manual{pp,
    author          = {Andrea Haglund},
    title           = {{Project Plan}},
    organization    = {Intelligent Replanning Drone Swarm},
    year            =  2025,
    month           =  {Oct. 4},
    note            = {{Version 1.0}}
}

@manual{cm,
    author          = {Yonatan Michael Beyene},
    title           = {Configuration Management Plan},
    organization    = {Intelligent Replanning Drone Swarm},
    year            =  2025,
    month           =  {Oct. 4},
    note            = {{Version 1.0}}
}

@manual{qm,
    author          = {Yonatan Michael Beyene},
    title           = {Quality Management Plan},
    organization    = {Intelligent Replanning Drone Swarm},
    year            =  2025,
    month           =  {Oct. 4},
    note            = {{Version 1.0}}
}

@manual{rm,
    author          = {Claire Namatovu},
    title           = {Requirements Management Plan},
    organization    = {Intelligent Replanning Drone Swarm},
    year            =  2025,
    month           =  {Oct. 4},
    note            = {{Version 1.0}}
}

@manual{sm,
    author          = {Esaias Målqvist},
    title           = {Safety Management Plan},
    organization    = {Intelligent Replanning Drone Swarm},
    year            =  2025,
    month           =  {Oct. 4},
    note            = {{Version 1.0}}
}

@manual{vvm,
    author          = {Emily Zainali},
    title           = {{Validation \& Verification Managment Plan}},
    organization    = {Intelligent Replanning Drone Swarm},
    year            =  2025,
    month           =  {Oct. 5},
    note            = {{Version 1.0}}
}

@misc{h6hl,
    author = {{Harris Aerial}},
    title = {{Carrier H6HL - Heavy Lift Drones}},
    howpublished = {harrisaerial.com},
    note = {{Accessed: Sep. 29, 2025}},
    url = {https://harrisaerial.com/carrier-drones/carrier-h6hl/}
}

@book{projektled,
    author = {Tonnquist, Bo},
    address = {Stockholm},
    booktitle = {Projektledning},
    edition = {Åttonde upplagan},
    isbn = {9789152360804},
    keywords = {Projektledning},
    language = {swe},
    publisher = {Sanoma utbildning},
    title = {Projektledning },
    year = {2021},
}

@misc{study-guide,
    author = {Luciana Provenzano},
    title = {{COURSE GUIDE Project in Dependable Systems HT 2025 FLA402, 22.5hp}},
    howpublished = {canvas.mdu.se},
    note = {{Accessed: Sep. 30, 2025}}
}

@manual{sae_arp4754a,
    author          = {{SAE International}},
    title           = {Guidelines for Development of Civil Aircraft and Systems},
    organization    = {ARP 4754A},
    year            = 2010,
    month           = {Dec.},
    url             = {https://www.sae.org/standards/arp4754a-guidelines-development-civil-aircraft-systems}
}

@manual{sae_arp4761a,
    author          = {{SAE International}},
    title           = {Guidelines for Conducting the Safety Assessment Process on Civil Aircraft, Systems, and Equipment},
    organization    = {ARP4761A},
    year            = 2023,
    month           = {Dec.},
    url             = {https://www.sae.org/standards/arp4761a-guidelines-conducting-safety-assessment-process-civil-aircraft-systems-equipment}
}

@manual{jarus_sora,
    author          = {{Joint Authorities for Rulemaking on Unmanned Systems (JARUS)}},
    title           = {JARUS guidelines on Specific Operations Risk Assessment (SORA)},
    organization    = {JAR-DEL-SRM-SORA-MB-2.5},
    year            = 2024,
    month           = {May},
    url             = {https://jarus-rpas.org/wp-content/uploads/2024/06/SORA-v2.5-Main-Body-Release-JAR_doc_25.pdf},
    note            = {{Accessed: Sep. 30, 2025}}
}

@manual{1012_2024,
    author          = {{Institute of Electrical and Electronics Engineers (IEEE)}},
    title           = {Standard for System, Software, and Hardware Verification and Validation},
    organization    = {IEEE Std 1012™-2024},
    year            = 2024,
    month           = {Nov.},
    url             = {https://standards.ieee.org/ieee/1012/7324/}
}


@manual{29119_1_2022,
    author          = {{International Organization for Standardization (ISO)}},
    title           = {Software and systems engineering — Software testing - Part 1: General concepts},
    organization    = {ISO/IEC/IEEE 29119-1:2022},
    year            = 2022,
    month           = {Jan.},
    url             = {https://www.iso.org/standard/81291.html}
}

@manual{29119_4_2021,
    author          = {{International Organization for Standardization (ISO)}},
    title           = {Software and systems engineering — Software testing - Part 4: Test techniques},
    organization    = {ISO/IEC/IEEE 29119-4:2021},
    year            = 2021,
    month           = {Oct.},
    url             = {https://www.iso.org/standard/79430.html}
}

@manual{15288_2023,
    author          = {{International Organization for Standardization (ISO)}},
    title           = {Systems and software engineering — System life cycle processes},
    organization    = {ISO/IEC/IEEE 15288:2023},
    year            = 2023,
    month           = {May},
    url             = {https://www.iso.org/standard/81702.html}
}

@manual{15289_2019,
    author          = {{International Organization for Standardization (ISO)}},
    title           = {Systems and software engineering — Content of life-cycle information items (documentation)},
    organization    = {ISO/IEC/IEEE 15289:2019},
    year            = 2019,
    month           = {July},
    url             = {https://www.iso.org/standard/74909.html}
}

@manual{29148_2018,
    author          = {{International Organization for Standardization (ISO)}},
    title           = {Systems and software engineering — Life cycle processes — Requirements engineering},
    organization    = {ISO/IEC/IEEE 29148:2018},
    year            = 2018,
    month           = {Nov.},
    url             = {https://www.iso.org/standard/72089.html}
}

@manual{10007_2017,
    author          = {{International Organization for Standardization (ISO)}},
    title           = {Quality management — Guidelines for configuration management},
    organization    = {},
    year            = 2017,
    month           = {Mar.},
    url             = {https://www.iso.org/standard/70400.html}
}

@manual{9001_2015,
    author          = {{International Organization for Standardization (ISO)}},
    title           = {Quality management systems — Requirements},
    organization    = {ISO 9001:2015},
    year            = 2015,
    month           = {Sep.},
    url             = {https://www.iso.org/standard/62085.html}
}

@manual{25002_2024,
    author          = {{International Organization for Standardization (ISO)}},
    title           = {Systems and software engineering — Systems and software Quality Requirements and Evaluation (SQuaRE) — Quality model overview and usage},
    organization    = {ISO/IEC 25002:2024},
    year            = 2024,
    month           = {Mar.},
    url             = {https://www.iso.org/standard/78175.html}
}

@manual{730_2014,
    author          = {{Institute of Electrical and Electronics Engineers (IEEE)}},
    title           = {IEEE Standard for Software Quality Assurance Processes},
    organization    = {IEEE 730-2014},
    year            = 2014,
    month           = {Jun.},
    url             = {https://standards.ieee.org/ieee/730/5284/}
}

@misc{github,
    author  = {Jeremy Holcombe},
    title   = {What Is GitHub? A Beginner’s Introduction to GitHub},
    howpublished = {kinsta.com},
    url     = {https://kinsta.com/blog/what-is-github/},
    month   = {Aug.},
    year    = 2025,
    note    = {(Accessed: Sep. 23, 2025)}
}

@misc{sharepoint,
    author  = {Microsoft},
    title   = {What is SharePoint?},
    howpublished = {support.microsoft.com},
    url     = {https://support.microsoft.com/en-us/office/what-is-sharepoint-97b915e6-651b-43b2-827d-fb25777f446f},
    month   = {Aug.},
    year    = 2025,
    note    = {(Accessed: Sep. 25, 2025)}
}

@misc{jira,
    author = {{ProductPlaner}},
    title = {{Jira}},
    howpublished = {productplan.com},
    note = {{Accessed: Sep. 29, 2025}},
    url = {https://www.productplan.com/glossary/jira/}
}

@manual{modelio2023,
  title        = {Modelio},
  author       = {{Modeliosoft}},
  year         = 2023,
  note         = {Version 4.2.1},
  url          = {https://www.modelio.org}
}
@manual{sqlite2023,
  title        = {SQLite},
  author       = {{SQLite Development Team}},
  year         = 2023,
  note         = {Version 3.43.0},
  url          = {https://www.sqlite.org}
}

@manual{vscode2023,
  title        = {Visual Studio Code},
  author       = {{Microsoft Corporation}},
  year         = 2023,
  note         = {Version 1.83},
  url          = {https://code.visualstudio.com}
}

@manual{matlab2023,
  title        = {MATLAB},
  author       = {{MathWorks}},
  year         = 2023,
  note         = {Version R2023b},
  url          = {https://www.mathworks.com}
}
@INPROCEEDINGS{big_ears,
  author    = {Mavin, Alistair and Wilkinson, Philip},
  booktitle = {2010 18th IEEE International Requirements Engineering Conference}, 
  title     = {Big Ears (The Return of "Easy Approach to Requirements Engineering")}, 
  year      = 2010,
  volume    = {},
  number    = {},
  pages     = {277-282},
  keywords  = {Decision support systems;Conferences;natural language;elicitation;syntax;template;safety;regulation;certification},
  doi     = {10.1109/RE.2010.39}
}

@article{HaiXingshuo2023ANDS,
    author      = {Hai, Xingshuo and Qiu, Huaxin and Wen, Changyun and Feng, Qiang},
    address     = {New York},
    copyright   = {Copyright The Institute of Electrical and Electronics Engineers, Inc. (IEEE) 2023},
    issn        = {1524-9050},
    journal     = {IEEE transactions on intelligent transportation systems},
    keywords    = {Algorithms ;  Decision making ;  Drone aircraft ;  Modeling ;  Situational awareness ;  Topology ;  Uncertainty},
    language    = {eng},
    number      = {12},
    pages       = {14706-14717},
    publisher   = {IEEE},
    title       = {A Novel Distributed Situation Awareness Consensus Approach for UAV Swarm Systems},
    volume      = {24},
    year        = {2023},
}

@article{LizzioFaustoFrancesco2022ARoC,
    author  = {Lizzio, Fausto Francesco and Capello, Elisa and Guglieri, Giorgio},
    address     = {Dordrecht},
    copyright   = {The Author(s) 2022. corrected publication 2023},
    issn        = {0921-0296},
    journal     = {Journal of intelligent \& robotic systems},
    keywords    = {Aerospace engineering ;  Artificial intelligence ;  Communication ;  Control ;  Control theory ;  Drone aircraft ;  Eigenvalues ;  Electrical engineering ;  Engineering ;  Formation flying ;  Mechanical engineering ;  Mechatronics ;  Multiagent systems ;  Robotics ;  Surveys},
    language    = {eng},
    number      = {2},
    pages       = {43-},
    publisher   = {Springer Netherlands},
    title = {A Review of Consensus-based Multi-agent UAV Implementations},
    volume = {106},
    year = {2022},
}

@article{QiangPeng2021RoDT,
    author      = {Qiang Peng and Husheng Wu and Ruisong Xue},
    issn        = {2096-9929},
    journal     = {Complex System Modeling and Simulation},
    language    = {eng},
    number      = {3},
    pages       = {163-175},
    publisher   = {Tsinghua University Press},
    title       = {Review of Dynamic Task Allocation Methods for UAV Swarms Oriented to Ground Targets},
    volume      = {1},
    year        = {2021},
}

@article{StodolaPetr2025Drow,
    author      = {Stodola, Petr and Nohel, Jan and Horák, Lukáš},
    address     = {London},
    copyright   = {The Author(s) 2025},
    issn        = {2045-2322},
    journal     = {Scientific reports},
    keywords    = {Science},
    language    = {eng},
    number      = {1},
    pages       = {15092-20},
    publisher   = {Nature Publishing Group UK},
    title       = {Dynamic reconnaissance operations with UAV swarms: adapting to environmental changes},
    volume      = {15},
    year        = {2025},
}

@article{ChenYang-Yi2025DoAD,
    author      = {Chen, Yang-Yi and Huang, Wen-Chun and Lin, Chun-Liang and Chen, Shih-Hao and Lu, Chian-Yu},
    address     = {Piscataway},
    copyright   = {Copyright The Institute of Electrical and Electronics Engineers, Inc. (IEEE) 2025},
    issn        = {2169-3536},
    journal     = {IEEE access},
    keywords    = {Aerodynamics ;  Communication ;  Computer architecture ;  Topology},
    language    = {eng},
    pages       = {131582-131599},
    publisher   = {IEEE},
    title       = {Development of Adaptive Drone Swarm Networks},
    volume      = {13},
    year        = {2025},
}

@article{CampionMitch2019Usca,
    author      = {Campion, Mitch and Ranganathan, Prakash and Faruque, Saleh},
    copyright   = {COPYRIGHT 2019 NRC Research Press},
    issn        = {2291-3467},
    journal     = {Journal of unmanned vehicle systems},
    keywords    = {Aviation ;  Drone aircraft ;  Infrastructure (Economics) ;  Surveys ;  Technology},
    language    = {eng},
    number      = {2},
    pages       = {93-106},
    publisher   = {NRC Research Press},
    title       = {UAV swarm communication and control architectures: a review},
    volume      = {7},
    year        = {2019},
}

@article{LiuHan2025EESf,
    author      = {Liu, Han and Wei, Mingxin and Zhao, Shuai and Cheng, Hui and Huang, Kai},
    issn        = {1545-5955},
    journal     = {IEEE transactions on automation science and engineering},
    keywords    = {Approximation algorithms ;  Batteries ;  Bionics ;  Birds ;  Cities and towns ;  Costs ;  Energy consumption ;  Fuel ;  Metropolitan areas},
    language    = {eng},
    pages       = {8400-8414},
    publisher   = {IEEE},
    title       = {Energy Efficient Scheduling for Position Reconfiguration of Swarm Drones},
    volume      = {22},
    year        = {2025},
}

@incollection{Luiz2023,
    author = {Giacomossi, Luiz and Maximo, Marcos R. O. A. and Sundelius, Nils and Funk, Peter and Brancalion, José F. B. and Sohlberg, Rickard and Karim, Ramin and Kumar, Uday and Galar, Diego and Kour, Ravdeep},
    address     = {Switzerland},
    booktitle   = {International Congress and Workshop on Industrial AI and EMaintenance 2023},
    copyright   = {The Author(s), under exclusive license to Springer Nature Switzerland AG 2024},
    isbn        = {9783031396182},
    issn        = {2195-4356},
    keywords    = {Unmanned Aerial Devices},
    language    = {eng},
    pages       = {381-393},
    publisher   = {Springer},
    series      = {Lecture Notes in Mechanical Engineering},
    title       = {Cooperative Search and Rescue with Drone Swarm},
    year        = {2024},
}

@inproceedings{Luiz2021,
    author  = {Giacomossi Jr, Luiz and Souza, Flavio and Cortes, Raphael and Cortez, Huascar and Ferreira, Caue and Marcondes, C. and Loubach, Denis and Sbruzzi, Elton and Verri, Filipe and Marques, Johnny and Alves Pereira Junior, Lourenco and Maximo, Marcos and Curtis, Vitor},
    booktitle = {Conference: 2021 Latin American Robotics Symposium (LARS), 2021 Brazilian Symposium on Robotics (SBR), and 2021 Workshop on Robotics in Education (WRE)},
    year    = {2021},
    month   = {10},
    pages   = {72-77},
    title   = {Autonomous and Collective Intelligence for UAV Swarm in Target Search Scenario},
    doi     = {10.1109/LARS/SBR/WRE54079.2021.9605450}
}

@article{LuizNotPublished,
    author      = {Luiz Giacomissi and Zafer Yigit and Marwan Shakarna and Shoaib Saleemi and Ivan Tomasic and Håkan Forsberg},
    copyright   = {},
    issn        = {},
    journal     = {Not Published},
    keywords    = {},
    language    = {eng},
    number      = {},
    pages       = {},
    publisher   = {Not Published},
    title       = {Design of a Fail-Operational Swarm of Drones for Search and Rescue Missions},
    volume      = {},
    year        = {2025},
}

@misc{pybullets,
    author          = {Luiz Giacomossi},
    title           = {{luizgiacomossi/pybullet\_search\_rescue\_uavs}},
    howpublished    = {github.com},
    note            = {{Accessed: Sep. 20, 2025}},
    url             = {https://github.com/luizgiacomossi/pybullet_search_rescue_uavs}
}
